@article{ciatto2017spiking,
  title={Spiking Neural Networks as Timed Automata},
  author={Ciatto, Giovanni and De Maria, Elisabetta and Di Giusto, Cinzia},
  journal={Proceedings of Advances in Systems and Synthetic Biology},
  pages={55--68},
  year={2017}
}

@article{ciatto2017programming,
	title={Programming the Interaction Space Effectively with {ReSpecTX}},
	author={Ciatto, Giovanni and Mariani, Stefano and Omicini, Andrea},
	journal={Intelligent Distributed Computing XI},
	volume={737},
	pages={89},
	year={2017},
	publisher={Springer}
}

@article{ciatto2018respectx,
	title={{ReSpecTX}: Programming Interaction Made Easy},
	author={Ciatto, Giovanni and Mariani, Stefano and Omicini, Andrea},
	journal={Computer Science and Information Systems (ComSIS)},
	year={2018},
	note={(Accepted with revision)}
}

@inproceedings{mariani2017novel,
	title={Novel Opportunities for Tuple-based Coordination: {XPath}, the {Blockchain}, and Stream Processing},
	author={Mariani, Stefano and Ciatto, Giovanni and Andrea, Omicini},
	booktitle={CEUR WORKSHOP PROCEEDINGS},
	volume={1867},
	pages={61--64},
	year={2017},
	organization={Sun SITE Central Europe, RWTH Aachen University}
}

@inproceedings{lpaas-ic2e2018,
	Author = {Calegari, Roberta and Ciatto, Giovanni and Mariani, Stefano and Denti, Enrico and Omicini, Andrea},
	Booktitle = {2018 IEEE International Conference on Cloud Engineering (IC2E 208)},
	Doi = {10.1109/IC2E.2018.00061},
	Isbn = {978-1-5386-5008-0},
	Month = {17--20~} # apr,
	Pages = {292--297},
	Publisher = {IEEE Computer Society},
	Title = {Micro-intelligence for the {IoT}: {SE} Challenges and Practice in {LPaaS}},
	Year = 2018}

@inproceedings{techsurvey-coord2018,
	author = {Ciatto, Giovani and Mariani, Stefano and Omicini, Andrea and Zambonelli, Franco and Louvel, Maxime},
	booktitle = {COORDINATION 2018},
	doi = {10.1007/978-3-319-92408-3_3},
	editor = {Di Marzo Serugendo, Giovanna and Loreti, Michele},
	pages = {1--30},
	publisher = {Springer},
	series = {Lecture Notes in Computer Science},
	title = {Twenty Years of Coordination Technologies: State-of-the-Art and Perspectives},
	volume = 10852,
	year = {2018},
	note = {(In press)}
}

@inproceedings{ciatto2018blockchain,
	title={From the Blockchain to Logic Programming and Back: Research Perspectives},
	author={Ciatto, Giovanni and Calegari, Roberta and Mariani, Stefano and Denti, Enrico and Andrea, Omicini},
	booktitle={19th Workshop From Objects to Agents (WOA 2018)},
	year={2018},
	note={(Accepted)}
}

@inproceedings{ciatto2018spatiallpaas,
	title={Logic Programming in Space-Time: The Case of Situatedness in {LPaaS}},
	author={Calegari, Roberta and Ciatto, Giovanni and Mariani, Stefano and Denti, Enrico and Andrea, Omicini},
	booktitle={19th Workshop From Objects to Agents (WOA 2018)},
	year={2018},
	note={(Accepted)}
}
